@article{photoeffekt,
  title   = {
    Über einen die Erzeugung und Verwandlung des
    Lichtes betreffenden Gesichtspunkt
  },
  author  = {Einstein, Albert},
  year    = 1905,
  journal = {Annalen der Physik},
  volume  = 322,
  number  = 6,
  pages   = {132--148},
  doi     = {10.1002/andp.19053220607},
}

@book{gelb1,
  title     = {Das gelbe Rechenbuch 1},
  subtitle  = {Lineare Algebra, Differantialrechnung},
  author    = {Furlan, Peter},
  year      = {1995},
  isbn      = {3931645002},
  publisher = {Verlag Martina Furlan},
}

% or mastersthesis, or thesis with field "type"
@phdthesis{phd_mnoethe,
  title       = {Monitoring the High Energy Universe},
  subtitle    = {
    Open, reproducible, machine learning based analysis
    for the First G-APD Cherenkov Telescope
  },
  author      = {Nöthe, Maximilian},
  year        = {2020},
  institution = {TU Dortmund},
  doi         = {10.17877/DE290R-21143},
}

@inproceedings{hillas,
  title     = {Cerenkov light images of EAS produced by primary gamma},
  author    = {Hillas, A. Michael},
  booktitle = {
    Proceedings from the 19th International Cosmic Ray Conference
  },
  volume    = {3},
  pages     = {445--448},
  year      = {1985},
}

@online{toolbox-dualboot,
  url     = {https://toolbox.pep-dortmund.org/install/dualboot.html},
  urldate = {2020-10-07},
  title   = {Installation eines Dual-Boot Systems},
  author  = {PeP et al.},
  year    = {2020},
}

@manual{fp01,
  title = {Versuchsanleitung zu Versuch Nr. 01 Lebensdauer der Myonen},
  year = 2004,
  organization = {Fakultät Physik, TU Dortmund},
}

@software{python,
  title   = {Python},
  url     = {https://www.python.org},
  version = {3.10.5},
  date    = {2022-08-01},
}

@article{numpy,
  author  = {
    Harris, Charles R. and Millman, K. Jarrod and van der Walt, Stéfan J and Gommers, Ralf
    and Virtanen, Pauli and Cournapeau, David and Wieser, Eric and Taylor, Julian
    and Berg, Sebastian and Smith, Nathaniel J. and Kern, Robert and Picus, Matti
    and Hoyer, Stephan and van Kerkwijk, Marten H. and Brett, Matthew and Haldane, Allan
    and Fernández del Río, Jaime and Wiebe, Mark and Peterson, Pearu
    and Gérard-Marchant, Pierre and Sheppard, Kevin and Reddy, Tyler and Weckesser, Warren
    and Abbasi, Hameer and Gohlke, Christoph and Oliphant, Travis E.
  },
  title   = {Array programming with {NumPy}},
  journal = {Nature},
  year    = {2020},
  volume  = {585},
  pages   = {357--362},
  doi     = {10.1038/s41586-020-2649-2}
}


@article{higgs,
  title = {
    Observation of a new particle in the search for the
    Standard Model Higgs boson with the ATLAS detector at the LHC
  },
  author = {Aad, G. and others},
  journal = {Physics Letters B},
  volume = {716},
  number = {1},
  doi = {10.1016/j.physletb.2012.08.020},
  publisher = {Elsevier BV},
  date = {2012-09},
  eprint = {1207.7214},
  eprinttype = {arxiv},
  eprintclass = {hep-ex},
}
